<record><leader>00000cas a22000007a 4500</leader><controlfield tag="001">10589032</controlfield><controlfield tag="008">840403d186u186unbuuu ne      0    0eng d</controlfield><datafield ind1=" " ind2=" " tag="010"><subfield code="a">sn 84022834 </subfield></datafield><datafield ind1=" " ind2=" " tag="040"><subfield code="a">NPX</subfield><subfield code="b">eng</subfield><subfield code="c">NPX</subfield><subfield code="d">YUS</subfield><subfield code="d">OCLCQ</subfield><subfield code="d">OCLCF</subfield><subfield code="d">OCLCO</subfield></datafield><datafield ind1=" " ind2=" " tag="042"><subfield code="a">msc</subfield></datafield><datafield ind1=" " ind2=" " tag="043"><subfield code="a">n-us---</subfield></datafield><datafield ind1="0" ind2="0" tag="245"><subfield code="a">Railway pioneer.</subfield></datafield><datafield ind1=" " ind2=" " tag="260"><subfield code="a">Platte City, Neb. :</subfield><subfield code="b">[s.n.]</subfield></datafield><datafield ind1=" " ind2=" " tag="300"><subfield code="a">v.</subfield></datafield><datafield ind1=" " ind2=" " tag="500"><subfield code="a">Union Pacific Rail Road railhead newspaper.</subfield></datafield><datafield ind1=" " ind2=" " tag="588"><subfield code="a">Description based on: Oct. 25, 1866.</subfield></datafield><datafield ind1=" " ind2="0" tag="650"><subfield code="a">Railroad companies</subfield><subfield code="z">United States</subfield><subfield code="v">Periodicals.</subfield></datafield><datafield ind1=" " ind2="7" tag="655"><subfield code="a">Periodicals.</subfield><subfield code="2">fast</subfield><subfield code="0">(OCoLC)fst01411641</subfield></datafield><datafield ind1=" " ind2="7" tag="650"><subfield code="a">Railroad companies.</subfield><subfield code="2">fast</subfield><subfield code="0">(OCoLC)fst01088581</subfield></datafield><datafield ind1=" " ind2="7" tag="651"><subfield code="a">United States.</subfield><subfield code="2">fast</subfield><subfield code="0">(OCoLC)fst01204155</subfield></datafield><datafield ind1=" " ind2=" " tag="752"><subfield code="a">United States</subfield><subfield code="b">Nebraska</subfield><subfield code="c">Buffalo</subfield><subfield code="d">Platte City.</subfield></datafield></record>